%%%%%%%%%%%%%%%%%%%%%%%%%%%%%%%%%%
%            common              %
%%%%%%%%%%%%%%%%%%%%%%%%%%%%%%%%%%

@online{common/online/chatgpt,title={OpenAI: ChatGPT},url={https://chatgpt.com/}}



%%%%%%%%%%%%%%%%%%%%%%%%%%%%%%%%%%
%          statistics            %
%%%%%%%%%%%%%%%%%%%%%%%%%%%%%%%%%%

@book{
    statistics/book/Statistics-for-Data-Scientists/Maurits-Kaptein,
    title={Book: Statistics for Data Scientists: An Introduction to Probability, Statistics, and Data Analysis},
    series={Undergraduate Topics in Computer Science},
    author={{Maurits Kaptein and Edwin van den Heuvel}},
    year={2022},
    publisher={Springer},
    url={https://doi.org/10.1007/978-3-030-10531-0}
}







